@manual{verizon_report,
  title={{Data Breach Investigations Report}},
  author={Verizon},
  year={2020}
}

@manual{netdiligence_report,
  title={{Cyber Claims Study}},
  author={NetDiligence},
  year={2019}
}

@manual{ibm_report,
  title={{X-Force Threat Intelligence Index}},
  author={IBM},
  year={2020}
}

@manual{cisco_report,
  title={{Annual Cybersecurity Report}},
  author={Cisco},
  year={2018}
}

@manual{checkpoint_report,
  title={{Cyber Security Report}},
  author={Checkpoint},
  year={2020}
}

@manual{aig_report,
  title={{Claims Intelligence Series}},
  author={AIG}
}

@manual{intel_slides,
  title={{LLC Attacks - Applicability \& Countermeasures}},
  author={Gorka Irazoqui, Xiaofei (Rex) Guo}
}

@manual{bayes,
	title={An Introduction To Bayesian Network Theory and Usage},
	author={Todd A. Stephenson},
	year={2000}
}

@article{quinlan,
  author    = {J. Ross Quinlan},
  title     = {Induction of Decision Trees},
  journal   = {Mach. Learn.},
  volume    = {1},
  number    = {1},
  pages     = {81--106},
  year      = {1986}
}
@manual{woodruff,
	title={Introduction to boosted decision trees},
	author={Katherine Woodruff},
	year={2017}
}

@manual{nazanin,
	title={Budget Allocation on Differentially Private Decision Trees and Random Forests},
	author={Nazanin Borhan},
	year={2018}
}

@article {chen,
	author = {Chen, Junjie and Wang, Wendy Hui and Shi, Xinghua},
	title = {Differential Privacy Protection Against Membership Inference Attack on Machine Learning for Genomic Data},
	elocation-id = {2020.08.03.235416},
	year = {2020},
	publisher = {Cold Spring Harbor Laboratory},
	journal = {bioRxiv}
}

@inproceedings{xgboost,
  author    = {Tianqi Chen and
               Carlos Guestrin},
  title     = {XGBoost: {A} Scalable Tree Boosting System},
  booktitle = {{KDD}},
  pages     = {785--794},
  publisher = {{ACM}},
  year      = {2016}
}

@inproceedings{gbdt_high_dim,
  author    = {Si Si and
               Huan Zhang and
               S. Sathiya Keerthi and
               Dhruv Mahajan and
               Inderjit S. Dhillon and
               Cho{-}Jui Hsieh},
  title     = {Gradient Boosted Decision Trees for High Dimensional Sparse Output},
  booktitle = {{ICML}},
  series    = {Proceedings of Machine Learning Research},
  volume    = {70},
  pages     = {3182--3190},
  publisher = {{PMLR}},
  year      = {2017}
}

@inproceedings{dpgbdt,
  author    = {Qinbin Li and
               Zhaomin Wu and
               Zeyi Wen and
               Bingsheng He},
  title     = {Privacy-Preserving Gradient Boosting Decision Trees},
  booktitle = {{AAAI}},
  pages     = {784--791},
  publisher = {{AAAI} Press},
  year      = {2020}
}

@article{wen_wang,
  author    = {Kaiwen Wang and
               Travis Dick and
               Maria{-}Florina Balcan},
  title     = {Scalable and Provably Accurate Algorithms for Differentially Private
               Distributed Decision Tree Learning},
  journal   = {CoRR},
  volume    = {abs/2012.10602},
  year      = {2020}
}

@incollection{dwork,
  author    = {Cynthia Dwork},
  title     = {Differential Privacy},
  booktitle = {Encyclopedia of Cryptography and Security (2nd Ed.)},
  pages     = {338--340},
  publisher = {Springer},
  year      = {2011}
}

@article{dwork_roth,
  author    = {Cynthia Dwork and
               Aaron Roth},
  title     = {The Algorithmic Foundations of Differential Privacy},
  journal   = {Found. Trends Theor. Comput. Sci.},
  volume    = {9},
  number    = {3-4},
  pages     = {211--407},
  year      = {2014}
}

@inproceedings{inprivate,
  author    = {Lingchen Zhao and
               Lihao Ni and
               Shengshan Hu and
               Yanjiao Chen and
               Pan Zhou and
               Fu Xiao and
               Libing Wu},
  title     = {InPrivate Digging: Enabling Tree-based Distributed Data Mining with
               Differential Privacy},
  booktitle = {{INFOCOM}},
  pages     = {2087--2095},
  publisher = {{IEEE}},
  year      = {2018}
}

@inproceedings{sulq,
  author    = {Avrim Blum and
               Cynthia Dwork and
               Frank McSherry and
               Kobbi Nissim},
  title     = {Practical privacy: the SuLQ framework},
  booktitle = {{PODS}},
  pages     = {128--138},
  publisher = {{ACM}},
  year      = {2005}
}

@inproceedings{mohammed,
  author    = {Noman Mohammed and
               Rui Chen and
               Benjamin C. M. Fung and
               Philip S. Yu},
  title     = {Differentially private data release for data mining},
  booktitle = {{KDD}},
  pages     = {493--501},
  publisher = {{ACM}},
  year      = {2011}
}

@article{fletcher_survey,
  author    = {Sam Fletcher and
               Md Zahidul Islam},
  title     = {Decision Tree Classification with Differential Privacy: {A} Survey},
  journal   = {{ACM} Comput. Surv.},
  volume    = {52},
  number    = {4},
  pages     = {83:1--83:33},
  year      = {2019}
}

@article{liu,
  author    = {Xiaoqian Liu and
               Qianmu Li and
               Tao Li and
               Dong Chen},
  title     = {Differentially private classification with decision tree ensemble},
  journal   = {Appl. Soft Comput.},
  volume    = {62},
  pages     = {807--816},
  year      = {2018}
}

@article{k-anon,
  author    = {Abigail Goldsteen and
               Gilad Ezov and
               Ron Shmelkin and
               Micha Moffie and
               Ariel Farkash},
  title     = {Anonymizing Machine Learning Models},
  journal   = {CoRR},
  volume    = {abs/2007.13086},
  year      = {2020}
}

@inproceedings{jagannathan,
  author    = {Geetha Jagannathan and
               Krishnan Pillaipakkamnatt and
               Rebecca N. Wright},
  title     = {A Practical Differentially Private Random Decision Tree Classifier},
  booktitle = {{ICDM} Workshops},
  pages     = {114--121},
  publisher = {{IEEE} Computer Society},
  year      = {2009}
}

@article{ref_attack,
  author    = {Md. Atiqur Rahman and
               Tanzila Rahman and
               Robert Lagani{\`{e}}re and
               Noman Mohammed},
  title     = {Membership Inference Attack against Differentially Private Deep Learning
               Model},
  journal   = {Trans. Data Priv.},
  volume    = {11},
  number    = {1},
  pages     = {61--79},
  year      = {2018}
}

@article{fletcher_smooth,
  author    = {Sam Fletcher and
               Md Zahidul Islam},
  title     = {Differentially private random decision forests using smooth sensitivity},
  journal   = {Expert Syst. Appl.},
  volume    = {78},
  pages     = {16--31},
  year      = {2017}
}

@inproceedings{fletcher_local,
  author    = {Sam Fletcher and
               Md Zahidul Islam},
  title     = {A Differentially Private Decision Forest},
  booktitle = {AusDM},
  series    = {{CRPIT}},
  volume    = {168},
  pages     = {99--108},
  publisher = {Australian Computer Society},
  year      = {2015}
}

@article{sgx_fig,
  author    = {Aur{\'{e}}lien Havet and
               Rafael Pires and
               Pascal Felber and
               Marcelo Pasin and
               Romain Rouvoy and
               Valerio Schiavoni},
  title     = {SecureStreams: {A} Reactive Middleware Framework for Secure Data Stream
               Processing},
  journal   = {CoRR},
  year      = {2018}
}

@inproceedings{fletcher_signal,
  author    = {Sam Fletcher and
               Md Zahidul Islam},
  title     = {A Differentially Private Random Decision Forest Using Reliable Signal-to-Noise
               Ratios},
  booktitle = {Australasian Conference on Artificial Intelligence},
  series    = {Lecture Notes in Computer Science},
  volume    = {9457},
  pages     = {192--203},
  publisher = {Springer},
  year      = {2015}
}

@inproceedings{nissim,
  author    = {Kobbi Nissim and
               Sofya Raskhodnikova and
               Adam D. Smith},
  title     = {Smooth sensitivity and sampling in private data analysis},
  booktitle = {{STOC}},
  pages     = {75--84},
  publisher = {{ACM}},
  year      = {2007}
}

@article{kearns,
  author    = {Michael J. Kearns and
               Yishay Mansour},
  title     = {On the Boosting Ability of Top-Down Decision Tree Learning Algorithms},
  journal   = {J. Comput. Syst. Sci.},
  volume    = {58},
  number    = {1},
  pages     = {109--128},
  year      = {1999}
}

@inproceedings{fan,
  author    = {Wei Fan and
               Haixun Wang and
               Philip S. Yu and
               Sheng Ma},
  title     = {Is random model better? On its accuracy and efficiency},
  booktitle = {{ICDM}},
  pages     = {51--58},
  publisher = {{IEEE} Computer Society},
  year      = {2003}
}

@inproceedings{friedman_schuster,
  author    = {Arik Friedman and
               Assaf Schuster},
  title     = {Data mining with differential privacy},
  booktitle = {{KDD}},
  pages     = {493--502},
  publisher = {{ACM}},
  year      = {2010}
}

@article{mia_reg,
  author    = {Milad Nasr and
               Reza Shokri and
               Amir Houmansadr},
  title     = {Machine Learning with Membership Privacy using Adversarial Regularization},
  journal   = {CoRR},
  year      = {2018}
}

@inproceedings{mia_memguard,
  author    = {Jinyuan Jia and
               Ahmed Salem and
               Michael Backes and
               Yang Zhang and
               Neil Zhenqiang Gong},
  title     = {MemGuard: Defending against Black-Box Membership Inference Attacks
               via Adversarial Examples},
  booktitle = {{CCS}},
  pages     = {259--274},
  publisher = {{ACM}},
  year      = {2019}
}

@article{shi,
	author={Haijian Shi},
	title={Best-first Decision Tree Learning},
	publisher={The University of Waikato, Hamilton, New Zealand},
	year={2007}
}

@article{sgx_survey,
  author    = {Alexander Nilsson and
               Pegah Nikbakht Bideh and
               Joakim Brorsson},
  title     = {A Survey of Published Attacks on Intel {SGX}},
  journal   = {CoRR},
  volume    = {abs/2006.13598},
  year      = {2020}
}

@inproceedings{flush_reload,
  author    = {Yuval Yarom and
               Katrina Falkner},
  title     = {{FLUSH+RELOAD:} {A} High Resolution, Low Noise, {L3} Cache Side-Channel
               Attack},
  booktitle = {{USENIX} Security Symposium},
  pages     = {719--732},
  publisher = {{USENIX} Association},
  year      = {2014}
}

@inproceedings{prime_probe,
  author    = {Dag Arne Osvik and
               Adi Shamir and
               Eran Tromer},
  title     = {Cache Attacks and Countermeasures: The Case of {AES}},
  booktitle = {{CT-RSA}},
  series    = {Lecture Notes in Computer Science},
  volume    = {3860},
  pages     = {1--20},
  publisher = {Springer},
  year      = {2006}
}

@inproceedings{shokri,
  author    = {Reza Shokri and
               Marco Stronati and
               Congzheng Song and
               Vitaly Shmatikov},
  title     = {Membership Inference Attacks Against Machine Learning Models},
  booktitle = {{IEEE} Symposium on Security and Privacy},
  pages     = {3--18},
  publisher = {{IEEE} Computer Society},
  year      = {2017}
}

@article{dp_mia,
  author    = {Daniel Bernau and
               Philip{-}William Grassal and
               Jonas Robl and
               Florian Kerschbaum},
  title     = {Assessing differentially private deep learning with Membership Inference},
  journal   = {CoRR},
  volume    = {abs/1912.11328},
  year      = {2019}
}

@article{label_only,
  author    = {Christopher A. Choquette{-}Choo and
               Florian Tram{\`{e}}r and
               Nicholas Carlini and
               Nicolas Papernot},
  title     = {Label-Only Membership Inference Attacks},
  journal   = {CoRR},
  volume    = {abs/2007.14321},
  year      = {2020}
}

@article{ml_survey,
  author    = {Maria Rigaki and
               Sebastian Garcia},
  title     = {A Survey of Privacy Attacks in Machine Learning},
  journal   = {CoRR},
  volume    = {abs/2007.07646},
  year      = {2020}
}